@inproceedings{HruPud17,
  author    = {Pavel Hrubes and
               Pavel Pudl{\'{a}}k},
  title     = {Random Formulas, Monotone Circuits, and Interpolation},
  booktitle = {58th {IEEE} Annual Symposium on Foundations of Computer Science, {FOCS}
               2017, Berkeley, CA, USA, October 15-17, 2017},
  pages     = {121--131},
  year      = {2017},
  url       = {https://doi.org/10.1109/FOCS.2017.20},
  doi       = {10.1109/FOCS.2017.20}
}

@inproceedings{PudSga96,
  author    = {Pavel Pudl{\'{a}}k and
               Jir{\'{\i}} Sgall},
  title     = {Algebraic models of computation and interpolation for algebraic proof
               systems},
  booktitle = {Proof Complexity and Feasible Arithmetics, Proceedings of a {DIMACS}
               Workshop, New Brunswick, New Jersey, USA, April 21-24, 1996},
  pages     = {279--296},
  year      = {1996}
}


@article{Razb85,
  author = {A. Razborov},
  title = {Lower bounds on the monotone complexity of some {Boolean} functions},
  journal = {Doklady Akademii Nauk SSSR},
  pages = {798--801},
  priority = {2},
  volume = {285},
  year = {1985}
}



@article{ErdRad60,
  author    = {P. Erd{\H{o}}s and R. Rado},
  title     = {Intersection theorems for systems of sets},
  journal   = {J. London Math. Soc.},
  volume    = {35},
  year      = {1960},
  pages     = {85--90}
}

@book{Jukna_boolean,
  author    = {Stasys Jukna},
  title     = {Boolean Function Complexity - Advances and Frontiers},
  series    = {Algorithms and combinatorics},
  volume    = {27},
  publisher = {Springer},
  year      = {2012},
  url       = {http://dx.doi.org/10.1007/978-3-642-24508-4},
  doi       = {10.1007/978-3-642-24508-4},
  isbn      = {978-3-642-24507-7}
}

@inproceedings{Pud10_sur,
  author    = {Pavel Pudl{\'{a}}k},
  title     = {On extracting computations from propositional proofs (a survey)},
  booktitle = {{IARCS} Annual Conference on Foundations of Software Technology and
               Theoretical Computer Science, {FSTTCS} 2010, December 15-18, 2010,
               Chennai, India},
  pages     = {30--41},
  year      = {2010},
  url       = {http://dx.doi.org/10.4230/LIPIcs.FSTTCS.2010.30},
  doi       = {10.4230/LIPIcs.FSTTCS.2010.30}
}


@book{NK97,
  author    = {Eyal Kushilevitz and
               Noam Nisan},
  title     = {Communication complexity},
  publisher = {Cambridge University Press},
  year      = {1997},
  isbn      = {978-0-521-56067-2}
}

@article{HakCook1999,
  author = {Armin Haken and Stephen A. Cook},
  title = {An Exponential Lower Bound for the Size of Monotone Real Circuits},
  journal = {Journal of Computer and System Sciences},
  volume = {58},
  number = {2},
  pages = {326--335},
  year = {1999},
  issn = {0022-0000},
  doi = {http://dx.doi.org/10.1006/jcss.1998.1617}
}

@article{Kraj16_CLO,
  author    = {Jan Kraj{\'{\i}}cek},
  title     = {Randomized feasible interpolation and monotone circuits with a local
               oracle},
  journal   = {CoRR},
  volume    = {abs/1611.08680},
  year      = {2016},
  url       = {http://arxiv.org/abs/1611.08680}
}

@article{Kraj16,
  author    = {Jan Kraj{\'{\i}}{\v{c}}ek},
  title     = {A feasible interpolation for random resolution},
  journal   = {CoRR},
  volume    = {abs/1604.06560},
  year      = {2016},
  url       = {http://arxiv.org/abs/1604.06560}
}

@article{Hru13,
  author    = {Pavel Hrube{\v{s}}},
  title     = {A note on semantic cutting planes},
  journal   = {Electronic Colloquium on Computational Complexity {(ECCC)}},
  volume    = {20},
  pages     = {128},
  year      = {2013},
  url       = {http://eccc.hpi-web.de/report/2013/128}
}

@article{Sok17,
  author    = {Dmitry Sokolov},
  title     = {Dag-like communication and its applications},
  journal   = {Electronic Colloquium on Computational Complexity {(ECCC)}},
  year      = {2016},
  url       = {http://eccc.hpi-web.de/report/2016/202}
}

@article{Razb95,
  author    = {A. A. Razborov},
  title     = {Unprovability of lower bounds on circuit size in certain fragments of bounded arithmetic},
  journal   = {Izvestiya RAN. Ser. Mat.},
  year      = {1995},
  vol       = {59},
  issue     = {1},
  pages     = {201--224}
}

@article{KarWig90,
  author    = {Mauricio Karchmer and Avi Wigderson},
  title     = {Monotone Circuits for Connectivity Require Super-Logarithmic Depth},
  journal   = {{SIAM} J. Discrete Math.},
  volume    = {3},
  number    = {2},
  pages     = {255--265},
  year      = {1990},
  url       = {http://dx.doi.org/10.1137/0403021},
  doi       = {10.1137/0403021}
}

@article{Kraj97,
  author    = {Jan Kraj{\'{\i}}{\v{c}}ek},
  title     = {Interpolation Theorems, Lower Bounds for Proof Systems, and Independence
               Results for Bounded Arithmetic},
  journal   = {J. Symb. Log.},
  volume    = {62},
  number    = {2},
  pages     = {457--486},
  year      = {1997},
  url       = {http://dx.doi.org/10.2307/2275541},
  doi       = {10.2307/2275541}
}

@inproceedings{PitGoos14,
  author    = {Mika G{\"{o}}{\"{o}}s and Toniann Pitassi},
  title     = {Communication lower bounds via critical block sensitivity},
  booktitle = {Symposium on Theory of Computing, {STOC} 2014, New York, NY, USA,
               May 31 - June 03, 2014},
  pages     = {847--856},
  year      = {2014},
  url       = {http://doi.acm.org/10.1145/2591796.2591838},
  doi       = {10.1145/2591796.2591838}
}

@article{Oliv15,
  author    = {Igor Oliveira},
  title     = {Unconditional Lower Bounds in Complexity Theory},
  journal   = {PhD thesis, Columbia university},
  year      = {2015},
  doi       = {10.7916/D8ZP45KT}
}

@article{RobPit16,
  author    = {Robere Robert and Tonian Pitassi},
  title     = {Strongly Exponential Lower Bounds for Monotone Computation},
  journal   = {ECCC Report: TR16-188},
  year      = {2016}
}

@article{RazMcK99,
  author    = {Ran Raz and Pierre McKenzie},
  title     = {Separation of the Monotone {NC} Hierarchy},
  journal   = {Combinatorica},
  volume    = {19},
  number    = {3},
  pages     = {403--435},
  year      = {1999},
  url       = {http://dx.doi.org/10.1007/s004930050062},
  doi       = {10.1007/s004930050062}
}

@article{Pud97,
  author    = {Pavel Pudl{\'{a}}k},
  title     = {Lower Bounds for Resolution and Cutting Plane Proofs and Monotone
               Computations},
  journal   = {J. Symb. Log.},
  volume    = {62},
  number    = {3},
  pages     = {981--998},
  year      = {1997},
  url       = {http://dx.doi.org/10.2307/2275583},
  doi       = {10.2307/2275583}
}

@article{BusKolTh14,
  author    = {Samuel R. Buss and
               Leszek Aleksander Kolodziejczyk and
               Neil Thapen},
  title     = {Fragments of Approximate Counting},
  journal   = {J. Symb. Log.},
  volume    = {79},
  number    = {2},
  pages     = {496--525},
  year      = {2014},
  url       = {http://dx.doi.org/10.1017/jsl.2013.37},
  doi       = {10.1017/jsl.2013.37}
}

@inproceedings{DinMe16,
  author    = {Irit Dinur and
               Or Meir},
  title     = {Toward the {KRW} Composition Conjecture: Cubic Formula Lower Bounds
               via Communication Complexity},
  booktitle = {31st Conference on Computational Complexity, {CCC} 2016, May 29 to
               June 1, 2016, Tokyo, Japan},
  pages     = {3:1--3:51},
  year      = {2016},
  url       = {http://dx.doi.org/10.4230/LIPIcs.CCC.2016.3},
  doi       = {10.4230/LIPIcs.CCC.2016.3}
}

@article{AlBop87,
  author    = {Noga Alon and
               Ravi B. Boppana},
  title     = {The monotone circuit complexity of Boolean functions},
  journal   = {Combinatorica},
  volume    = {7},
  number    = {1},
  pages     = {1--22},
  year      = {1987},
  url       = {http://dx.doi.org/10.1007/BF02579196},
  doi       = {10.1007/BF02579196}
}

@article{BePiSeg07,
  author    = {Paul Beame and
               Toniann Pitassi and
               Nathan Segerlind},
  title     = {Lower Bounds for {L}ov{\'{a}}sz--{S}chrijver Systems and Beyond Follow
               from Multiparty Communication Complexity},
  journal   = {{SIAM} J. Comput.},
  volume    = {37},
  number    = {3},
  pages     = {845--869},
  year      = {2007},
  url       = {http://dx.doi.org/10.1137/060654645},
  doi       = {10.1137/060654645}
}

@inproceedings{HuyNord12,
  author    = {Trinh Huynh and
               Jakob Nordstr{\"{o}}m},
  title     = {On the virtue of succinct proofs: amplifying communication complexity
               hardness to time-space trade-offs in proof complexity},
  booktitle = {Proceedings of the 44th Symposium on Theory of Computing Conference,
               {STOC} 2012, New York, NY, USA, May 19 - 22, 2012},
  pages     = {233--248},
  year      = {2012},
  url       = {http://doi.acm.org/10.1145/2213977.2214000},
  doi       = {10.1145/2213977.2214000}
}

@article{Kraj08,
  author    = {Jan Kraj{\'{\i}}{\v{c}}ek},
  title     = {An exponential lower bound for a constraint propagation proof system
               based on ordered binary decision diagrams},
  journal   = {J. Symb. Log.},
  volume    = {73},
  number    = {1},
  pages     = {227--237},
  year      = {2008},
  url       = {http://dx.doi.org/10.2178/jsl/1208358751},
  doi       = {10.2178/jsl/1208358751}
}

@article{Kraj98,
  author    = {Jan Kraj{\'{\i}}{\v{c}}ek},
  title     = {Interpolation by a Game},
  journal   = {Math. Log. Q.},
  volume    = {44},
  pages     = {450--458},
  year      = {1998},
  url       = {http://dx.doi.org/10.1002/malq.19980440403},
  doi       = {10.1002/malq.19980440403}
}